@Article{rcppeigen,
    title = {Fast and Elegant Numerical Linear Algebra Using the
                  {RcppEigen} Package},
    author = {Bates, D. and Eddelbuettel, D.},
    journal = {Journal of Statistical Software},
    year = {2013},
    volume = {52},
    number = {5},
    pages = {1--24},
    url = {http://www.jstatsoft.org/v52/i05/},
}

@Book{MASS,
    title = {Modern Applied Statistics with S},
    author = {Venables, W. N. and Ripley, B. D.},
    publisher = {Springer},
    edition = {Fourth},
    address = {New York},
    year = {2002},
    note = {ISBN 0-387-95457-0},
    url = {http://www.stats.ox.ac.uk/pub/MASS4},
  }



@Manual{R,
    title = {{R}: A Language and Environment for Statistical Computing},
    author = {{R Core Team}},
    organization = {R Foundation for Statistical Computing},
    address = {Vienna, Austria},
    year = {2017},
    url = {https://www.R-project.org/},
  }
@Article{BIOC,
   Author={Huber, W.  and Carey, V. J.  and Gentleman, R.  and Anders,
                  S.  and Carlson, M.  and Carvalho, B. S.  and Bravo,
                  H. C.  and Davis, S.  and Gatto, L.  and Girke, T.
                  and Gottardo, R.  and Hahne, F.  and Hansen, K. D.
                  and Irizarry, R. A.  and Lawrence, M.  and Love,
                  M. I.  and MacDonald, J.  and Obenchain, V.  and
                  {Ole's}, A. K.  and Pages, H.  and Reyes, A.  and
                  Shannon, P.  and Smyth, G. K.  and Tenenbaum, D.
                  and Waldron, L.  and Morgan, M.},
   Title={{O}rchestrating high-throughput genomic analysis with
                  {B}ioconductor},
   Journal={Nat. Methods},
   Year={2015},
   Volume={12},
   Number={2},
   Pages={115--121}
}

